<?xml version="1.0" encoding="UTF-8"?><collection xmlns="http://www.loc.gov/MARC21/slim"><record><leader>00370nam--2200133-i-4500</leader><controlfield tag="001">000033191</controlfield><controlfield tag="002">20161230</controlfield><controlfield tag="005">20161230201039</controlfield><controlfield tag="008">060222s1000------------r-----000-0-eng-d</controlfield><datafield ind1=" " ind2=" " tag="100"><subfield code="a">Wierzbicki, A.P</subfield></datafield><datafield ind1=" " ind2=" " tag="260"><subfield code="a">Methods Of Mathematical Programming.Proceedings</subfield></datafield><datafield ind1=" " ind2=" " tag="490"><subfield code="a">Warzawa, Pwn-polish Scientific Publ. 1981. 351p</subfield></datafield><datafield ind1=" " ind2=" " tag="700"><subfield code="a">Walukiewicz, S</subfield></datafield><datafield ind1=" " ind2=" " tag="852"><subfield code="a">519.85(061.3)</subfield></datafield></record></collection>